@article{Chu:2007:SVOR,
 author = {Chu, W. and Keerthi, S. S.},
 title = {Support Vector Ordinal Regression},
 journal = {Neural Comput.},
 volume = {19},
 number = {3},
 year = {2007},
 pages = {792--815},
 numpages = {24},
}

@article{Cortes:1995:SVM,
 author = {Cortes, C. and Vapnik, V.},
 title = {Support-Vector Networks},
 journal = {Mach. Learn.},
 volume = {20},
 number = {3},
 year = {1995},
 pages = {273--297},
 numpages = {25},
}

@inproceedings{Brooks:2014:Powergrading,
 author = {Brooks, M. and Basu, S. and Jacobs, C. and Vanderwende, L.},
 title = {Divide and Correct: Using Clusters to Grade Short Answers at Scale},
 booktitle = {ACM L@S},
 year = {2014},
 isbn = {978-1-4503-2669-8},
 location = {Atlanta, Georgia, USA},
 pages = {89--98},
 numpages = {10},
}

@article{Chen:2014:IRRODL,
        author = {Y. Chen},
        title = {Investigating {MOOC}s through blog mining},
        journal = {The International Review of Research in Open and Distance Learning},
        volume = {15},
        number = {2},
        year = {2014},
}

@article{Balfour:2013,
        author = {S. P. Balfour},
        title = {Assessing writing in {MOOC}s: {A}utomated essay scoring and calibrated peer review},
        journal = {Research and Practice in Assessment},
        volume = {8},
        number = {1},
        year = {2013},
        pages = {40--48}
}

@article{Sandeen:2013,
  author = {C. Sandeen},
  title = {Assessment's place in the new MOOC world},
  journal = {Research and Practice in Assessment},
  volume = {8},
  number = {1},
  year = {2013},
  pages = {5--12}
}

@article{Suen:2014,
        author = {H. Suen},
        title = {Peer assessment for massive open online courses (MOOCs)},
        journal = {The International Review of Research in Open and Distance Learning},
        volume = {15},
        number = {3},
        year = {2014},
}

@article{Braddock:1999,
    title = {Informed decision making in outpatient practice - Time to get back to basics},
    volume = {282},
    number = {24},
    journal = {Journal of the American Medical Association},
    author = {Braddock, C. H. and Edwards, K. A. and Hasenberg, N. M. and Laidley, T. L. and Levinson, W.},
    year = {1999},
    pages = {2313--2320}
}

@article{Djulbegovic:2004,
    title = {Lifting the fog of uncertainty from the practice of medicine},
    volume = {329},
    number = {7480},
    journal = {British Medical Journal},
    author = {Djulbegovic, B.},
    year = {2004},
    pages = {1419--1420A}
}

@article{Herron:1992,
    title = {The effect of the first three years of instruction in veterinary medical education on one measure of critical-thinking ability.},
    volume = {19},
    issn = {0748-321X},
    number = {2},
    journal = {Journal of Veterinary Medical Education},
    author = {Herron, M. A. and DiBrito, W. and Alexander, P. A. and Wolf, A. M.},
    year = {1992},
    pages = {45--47}
}

@book{Gambrill:2005,
    author = {E. Gambrill},
    edition = {2nd},
    title = {Critical Thinking in Clinical Practice: Improving the Quality of Judgments and Decisions},
    publisher = {Wiley and Sons},
    year = {2006},
    pages = {648}
}

@article{Forsythe:1965:CACM,
 author = {Forsythe, G. E. and Wirth, N.},
 title = {Automatic Grading Programs},
 journal = {Commun. ACM},
 volume = {8},
 number = {5},
 year = {1965},
 pages = {275--278},
}

@article{Hext:1969:CACM,
 author = {Hext, J. B. and Winings, J. W.},
 title = {An Automatic Grading Scheme for Simple Programming Exercises},
 journal = {Commun. ACM},
 volume = {12},
 number = {5},
 year = {1969},
 pages = {272--275},
}

@inproceedings{Helmick:2007:ITICSE,
 author = {Helmick, M. T.},
 title = {Interface-based Programming Assignments and Automatic Grading of Java Programs},
 booktitle = {SIGCSE},
 year = {2007},
 pages = {63--67},
}

@inproceedings{Martin:1973:SIGCSE,
 author = {Martin, J. J. and Martin, T.},
 title = {Student Help and Automatic Grading: The Organization of a Large Service Course},
 booktitle = {Proceedings of the Third SIGCSE Technical Symposium on Computer Science Education},
 year = {1973},
 pages = {138--141},
}

@inproceedings{Pulman:2005:EdAppsNLP,
 author = {Pulman, S. G. and Sukkarieh, J. Z.},
 title = {Automatic Short Answer Marking},
 booktitle = {BEA},
 year = {2005},
 pages = {9--16},
 publisher = {ACL},
}

@inproceedings{Mitchell:2002:ICAA,
  author = {Mitchell, T. and Russell, T. and Broomhead, P. and Aldridge, N.},
  title = {Towards robust computerised marking of free-text responses},
  year = 2002,
  booktitle = {ICAAC},
}

@inproceedings{Mohler:2009:EACL,
 author = {Mohler, M. and Mihalcea, R.},
 title = {Text-to-text Semantic Similarity for Automatic Short Answer Grading},
 booktitle = {EACL},
 year = {2009},
 pages = {567--575},
}

@inproceedings{Rose:2003:HLT-NAACL-EDUC,
 author = {Ros{\'e}, C. P. and Roque, A. and Bhembe, D. and Vanlehn, K.},
 title = {A Hybrid Text Classification Approach for Analysis of Student Essays},
 booktitle = {BEA},
 year = {2003},
 pages = {68--75},
 publisher = {ACL},
}

@article{Duwairi:2006:CHB,
 author = {Duwairi, R. M.},
 title = {A Framework for the Computerized Assessment of University Student Essays},
 journal = {Comput. Hum. Behav.},
 issue_date = {May, 2006},
 volume = {22},
 number = {3},
 year = {2006},
 pages = {381--388},
}

@inproceedings{Larkey:1998:SIGIR,
 author = {Larkey, L. S.},
 title = {Automatic Essay Grading Using Text Categorization Techniques},
 booktitle = {SIGIR},
 year = {1998},
 pages = {90--95},
}

@article{Leacock:2003:CatH,
 title = {C-rater: Automated Scoring of Short-Answer Questions},
 author = {Leacock, C. and Chodorow, M.},
 journal = {Computers and the Humanities},
 volume = {37},
 number = {4},
 pages = {pp. 389-405},
 year = {2003},
}

@book{McCullagh:1980,
  author = {P. McCullagh},
  title = {{Regression models for ordinal data}},
  year = {1980},
}

@article{Salton:1975:VSM,
 author = {Salton, G. and Wong, A. and Yang, C. S.},
 title = {A Vector Space Model for Automatic Indexing},
 journal = {Commun. ACM},
 volume = {18},
 number = {11},
 year = {1975},
 pages = {613--620},
}

@article{Dietterich:1995:ACMCS,
 author = {Dietterich, T.},
 title = {Overfitting and Undercomputing in Machine Learning},
 journal = {ACM Comput. Surv.},
 volume = {27},
 number = {3},
 year = {1995},
 pages = {326--327},
}

@article{Guyon:2003:JMLR,
 author = {Guyon, I. and Elisseeff, A.}
 title = {An Introduction to Variable and Feature Selection},
 journal = {J. Mach. Learn. Res.},
 volume = {3},
 year = {2003},
 pages = {1157--1182},
}

@inproceedings{Robertson:1994:SIGIR,
 author = {Robertson, S. E. and Walker, S.},
 title = {Some Simple Effective Approximations to the 2-Poisson Model for Probabilistic Weighted Retrieval},
 booktitle = {Proceedings of the 17th Annual International ACM SIGIR Conference on Research and Development in Information Retrieval},
 year = {1994},
 pages = {232--241},
}

@INPROCEEDINGS{Robertson:1996:TREC-3,
    author = {S.E. Robertson and S. Walker and S. Jones and M.M. Hancock-Beaulieu and M. Gatford},
    title = {Okapi at TREC-3},
    year = {1996},
    pages = {109--126}
}

@inproceedings{Ferguson:2014,
 author = {DC Ferguson and LK McNeil and EM Mills and JE Ehlers},
 title = {International efforts to encourage critical clinical thinking
  ({CCT}) skills in veterinary students.},
 booktitle = {Veterinary Educational Collaborative biannual meeting, Ames,
  IA.},
 year = 2014,
 note = {(abstract)}
}

@inproceedings{Fang:2005:Axiomatic,
 author = {Fang, H. and Zhai, C.},
 title = {An Exploration of Axiomatic Approaches to Information Retrieval},
 booktitle = {Proceedings of the 28th Annual International ACM SIGIR Conference on Research and Development in Information Retrieval},
 year = {2005},
 pages = {480--487},
}

@inproceedings{Callison-Burch:2007:WMT,
 author = {Callison-Burch, C. and Fordyce, C. and Koehn, P. and Monz, C.
           and Schroeder, J.},
 title = {(Meta-) Evaluation of Machine Translation},
 booktitle = {WMT},
 year = {2007},
 pages = {136--158},
}

@inproceedings{Joachims:2002:KDD,
 author = {Joachims, T.},
 title = {Optimizing Search Engines Using Clickthrough Data},
 booktitle = {KDD},
 year = {2002},
 pages = {133--142},
}

@incollection{Li:2007:NIPS,
 title = {Ordinal Regression by Extended Binary Classification},
 author = {L. Li and H. Lin},
 booktitle = {NIPS},
 pages = {865--872},
 year = {2007},
 publisher = {MIT Press},
}

@article{Settles:2012,
 author = {B. Settles},
 title = {Active Learning},
 journal = {Synthesis Lectures on Artificial Intelligence and Machine Learning},
 volume = {6},
 number = {1},
 pages = {1-114},
 year = {2012},
}

@article{Yao:1995:JASIS,
 author = {Yao, Y. Y.},
 title = {Measuring Retrieval Effectiveness Based on User Preference of Documents},
 journal = {J. Am. Soc. Inf. Sci.},
 volume = {46},
 number = {2},
 year = {1995},
 pages = {133--145},
}

@Inbook{Shani:2011:Springer,
author       = {G. Shani and A. Gunawardana},
booktitle    = {Recommender Systems Handbook},
chapter      = {8},
publisher    = {Springer},
title        = {Evaluating Recommendation Systems},
year         = {2011},
}

@article{Liu:2009,
  author    = {T. Liu},
  title     = {Learning to Rank for Information Retrieval},
  journal   = {Foundations and Trends in Information Retrieval},
  volume    = {3},
  number    = {3},
  pages     = {225--331},
  year      = {2009},
}

@article{Kulkarni:2013, 
 author = {Kulkarni, C. and Wei, K. P. and Le, H. and Chia, D. and
           Papadopoulos, K. and Cheng, J. and Koller, D. and Klemmer, S. R.},
 title = {Peer and Self Assessment in Massive Online Classes},
 journal = {ACM Trans. Comput.-Hum. Interact.},
 volume = {20},
 number = {6},
 year = {2013},
 pages = {33:1--33:31},
}

@book{Manning:2008,
 author = {Manning, C. D. and Raghavan, P. and Sch\"{u}tze, H.},
 title = {Introduction to Information Retrieval},
 year = {2008},
 publisher = {Cambridge University Press},
 address = {New York, NY, USA},
}

@inproceedings{Alur:2013:IJCAI,
 author = {Alur, R. and D'Antoni, L. and Gulwani, S. and Kini, D. and
           Viswanathan, M.},
 title = {Automated Grading of DFA Constructions},
 series = {IJCAI},
 year = {2013},
 pages = {1976--1982},
}

@inproceedings{Nguyen:2014:WWW,
 author = {Nguyen, A. and Piech, C. and Huang, J. and Guibas, L.},
 title = {Codewebs: Scalable Homework Search for Massive Open Online Programming Courses},
 booktitle = {WWW},
 year = {2014},
 pages = {491--502},
}

@inproceedings{Piech:2015:ICML,
  author    = {C. Piech and
               J. Huang and
               A. Nguyen and
               M. Phulsuksombati and
               M. Sahami and
               L. J. Guibas},
  title     = {Learning Program Embeddings to Propagate Feedback on Student Code},
  booktitle = {ICML},
  pages     = {1093--1102},
  year      = {2015},
}

@inproceedings{Piech:2013:EDM,
 author    = {C. Piech and J. Huang and Z. Chen and C.  Do and A. Ng
              and D. Koller},
 title     = {{Tuned Models of Peer Assessment in MOOCs}},
 booktitle = {EDM},
 year      = {2013},
}

@inproceedings{Mitros:2013:MITLINC,
 author = {Mitros, P. and Paruchuri, V. and Rogosic, J. and Huang, D.},
 title = {An Integrated Framework for the Grading of Freeform Responses},
 booktitle = {MIT LINC},
 year = {2013}
}
