
@article{howard_critical_2008,
	title = {Critical thinking in clinical practice: Improving the quality of judgments and decisions, 2nd edition},
	volume = {18},
	issn = {1049-7315},
	doi = {10.1177/1049731507308101},
	number = {2},
	journal = {Research on Social Work Practice},
	author = {Howard, Matthew O.},
	month = mar,
	year = {2008},
	note = {{WOS}:000253046300009},
	pages = {162--164}
}

@article{braddock_informed_1999,
	title = {Informed decision making in outpatient practice - Time to get back to basics},
	volume = {282},
	issn = {0098-7484},
	doi = {10.1001/jama.282.24.2313},
	number = {24},
	journal = {Jama-Journal of the American Medical Association},
	author = {Braddock, C. H. and Edwards, K. A. and Hasenberg, N. M. and Laidley, T. L. and Levinson, W.},
	month = dec,
	year = {1999},
	note = {{WOS}:000084261700024},
	pages = {2313--2320}
}

@article{djulbegovic_lifting_2004,
	title = {Lifting the fog of uncertainty from the practice of medicine},
	volume = {329},
	issn = {0959-535X},
	doi = {10.1136/bmj.329.7480.1419},
	number = {7480},
	journal = {British Medical Journal},
	author = {Djulbegovic, B.},
	month = dec,
	year = {2004},
	note = {{WOS}:000225965800007},
	pages = {1419--1420A}
}

@article{herron_effect_1992,
	title = {The effect of the first three years of instruction in veterinary medical education on one measure of critical-thinking ability.},
	volume = {19},
	issn = {0748-321X},
	number = {2},
	journal = {Journal of Veterinary Medical Education},
	author = {Herron, M. A. and DiBrito, W. and Alexander, P. A. and Wolf, A. M.},
	year = {1992},
	note = {{CABI}:19922270404},
	pages = {45--47}
}