
@book{_critical_2005,
	edition = {2nd},
	title = {Critical Thinking in Clinical Practice: Improving the Quality of Judgments and Decisions},
	publisher = {Wiley and Sons},
	year = {2005}
}